@book{press2007numerical,
  title={Numerical recipes 3rd edition: The art of scientific computing},
  author={Press, William H},
  year={2007},
  publisher={Cambridge university press}
}

@article{chan1983algorithms,
  title={Algorithms for computing the sample variance: Analysis and recommendations},
  author={Chan, Tony F and Golub, Gene H and LeVeque, Randall J},
  journal={The American Statistician},
  volume={37},
  number={3},
  pages={242--247},
  year={1983},
  publisher={Taylor \& Francis}
}

@article{johnson1928thermal,
  title={Thermal agitation of electricity in conductors},
  author={Johnson, John Bertrand},
  journal={Physical review},
  volume={32},
  number={1},
  pages={97},
  year={1928},
  publisher={APS}
}